@ARTICLE{2011ApJS..193...19K,
   author = {{Koda}, J. and {Sawada}, T. and {Wright}, M.~C.~H. and {Teuben}, P. and 
	{Corder}, S.~A. and {Patience}, J. and {Scoville}, N. and {Donovan Meyer}, J. and 
	{Egusa}, F.},
    title = "{CO(J = 1-0) Imaging of M51 with CARMA and the Nobeyama 45 m Telescope}",
  journal = {\apjs},
 keywords = {galaxies: individual: NGC 5194 NGC 5195 M51, techniques: image processing, techniques: interferometric},
     year = 2011,
    month = mar,
   volume = 193,
      eid = {19},
    pages = {19},
      doi = {10.1088/0067-0049/193/1/19},
   adsurl = {http://adsabs.harvard.edu/abs/2011ApJS..193...19K},
  adsnote = {Provided by the SAO/NASA Astrophysics Data System}
}

@TECHREPORT{almamemo,
  author = {{Pety}, J. and {Gueth}, F. and {Guilloteau}, S.},
  title = {ALMA Memo \#398 Impact of ACA on the Wide-Field Imaging Capabilities of ALMA},
  organization = {NRAO},
  pages = {19},
  year = 2011,
  month = nov,
  volume = 398,
  url = {http://legacy.nrao.edu/alma/memos/html-memos/abstracts/abs398.html},
}

@ARTICLE{2005ApJ...619.1114W,
   author = {{Wolf}, S. and {D'Angelo}, G.},
    title = "{On the Observability of Giant Protoplanets in Circumstellar Disks}",
  journal = {\apj},
   eprint = {astro-ph/0410064},
 keywords = {Stars: Circumstellar Matter, Methods: Numerical, Stars: Planetary Systems: Protoplanetary Disks, Radiative Transfer},
     year = 2005,
    month = feb,
   volume = 619,
    pages = {1114-1122},
      doi = {10.1086/426662},
   adsurl = {http://adsabs.harvard.edu/abs/2005ApJ...619.1114W},
  adsnote = {Provided by the SAO/NASA Astrophysics Data System}
}
